3530 5418
846 347 1061 414 ..54-

313 542 333 608 Ι.
357 543 377 608 l.
403 562 433 625 p.
457 543 532 608 428.
580 544 652 626 Qua
682 545 721 610 de
750 563 850 612 causa
880 545 1038 628 Alzinger
1070 545 1256 612 coniectura
1288 546 1423 628 Hauptii
1463 546 1591 626 „voltu“

313 634 460 716 probata,
484 651 611 700 versum
635 632 684 698 ita
706 633 877 714 legendum
901 641 1026 714 censet3
1057 653 1138 715 „que
1163 636 1251 702 voltu
1268 635 1378 718 Orion,
1403 654 1468 716 qna
1485 635 1591 701 Sirius

312 723 450 786 excubet
473 720 599 802 index“,
623 739 725 801 eaque
748 722 1000 802 interpretatur:
1025 724 1045 788 i.
1071 743 1098 788 e.
1124 719 1337 806 qua'ratione
1361 725 1461 790 Orion
1485 731 1518 789 et
1542 725 1594 790 Si-

311 808 378 873 rius
413 809 484 890 ipso
520 810 609 874 voltu
643 809 795 894 indicent,
835 811 910 891 quid
946 813 1106 879 eveniat.“
1156 815 1201 878 At
1236 813 1381 893 equidem
1420 813 1516 878 timeo
1553 833 1594 878 ne

312 897 468 979 Aizinger
483 898 517 962 in
533 900 701 980 probanda
717 899 853 980 Hauptii
867 901 1051 967 coniectura
1072 903 1199 982 „voltu“
1213 902 1308 966 nirnis
1325 921 1461 982 propere
1478 903 1594 984 egerit.

312 986 438 1068 Quippe
462 1007 525 1067 qua
548 989 686 1068 probata
710 988 802 1054 elisio
825 988 941 1070 longae
965 991 1087 1055 vocalis
1112 1013 1133 1054 o
1156 990 1208 1055 bie
1232 993 1374 1073 adesset,
1405 991 1534 1071 qrralern
1559 991 1592 1055 in

311 1080 380 1140 toto
405 1077 533 1140 Aetnae
557 1075 698 1140 carmine
721 1077 846 1142 trustra
869 1096 1015 1158 quaeres.
1063 1081 1165 1162 Quam
1183 1082 1222 1145 ob
1247 1099 1312 1144 rern
1336 1083 1375 1146 de
1392 1080 1454 1144 bac
1470 1081 1593 1146 coniec-

313 1169 386 1228 tura
410 1164 560 1228 dubitare
590 1165 675 1230 licet.
724 1166 910 1230 [rectionem
938 1167 1063 1250 „Sirius
1093 1171 1230 1233 excubet
1261 1169 1375 1234 index“
1410 1169 1511 1232 etiam
1535 1169 1594 1233 tIa-

311 1254 418 1334 cobuS‚
440 1254 565 1335 Maure,
589 1254 817 1336 Baebi-ensiuS,
842 1256 986 1339 Wagler,
1011 1256 1211 1322 Sudhausius
1241 1258 1389 1339 probant,
1420 1257 1484 1322 nisi
1509 1259 1594 1338 quod

311 1342 425 1405 Munro
448 1343 469 1406 l.
495 1342 515 1406 l.
548 1362 577 1422 p,
606 1344 647 1406 10
676 1343 844 1408 lectionem
879 1345 1047 1427 „incubet“
1082 1345 1234 1426 praefert.
1282 1348 1460 1412 Praeterea
1488 1347 1594 1410 Baeb-

311 1430 438 1496 rensiue
463 1431 545 1495 bunc
569 1449 696 1495 versum
722 1431 864 1513 incipere
888 1433 957 1499 vult
981 1435 1070 1500 bisce
1102 1434 1225 1499 verbis:
1263 1453 1346 1516 „qua
1376 1435 1447 1500 tuce
1480 1433 1590 1516 Orion,

246 1564 250 1573 .
311 1519 393 1599 (ιιιεια
414 1571 446 1583 ,.
483 1520 590 1599 Atque
615 1521 854 1586 Wernsdorfius
885 1522 937 1603 (ct.
963 1523 1079 1587 Jacobi
1103 1523 1124 1588 l.
1149 1525 1170 1587 l.
1195 1543 1224 1605 p.
1253 1523 1329 1609 154)
1361 1542 1418 1605 pro
1452 1523 1591 1605 „indeed

310 1607 449 1672 coniecit
481 1607 621 1690 „Indie“.
670 1610 761 1691 Quae
790 1612 975 1675 coniectura
1009 1630 1250 1691 supervacanea
1280 1621 1342 1677 eet.
1390 1612 1591 1694 Quanrquarn

309 1693 341 1758 in
366 1695 467 1778 Verg.
493 1697 612 1777 Geor-g.
637 1697 682 1760 IV
707 1697 772 1760 425
797 1717 844 1779 sq.
869 1699 949 1763 haec
982 1699 1150 1780 leguntur:
1187 1701 1269 1784 „iarn
1300 1701 1432 1782 rapidus
1465 1707 1594 1766 torrens

310 1783 453 1850 sitientis
477 1784 582 1849 Sirius
607 1784 705 1850 Indos
740 1788 879 1852 ardebat
912 1789 1034 1866 eaelo“,
1060 1794 1167 1855 taruen
1193 1808 1255 1854 vox
1282 1789 1410 1872 „locist
1437 1790 1593 1855 hocloco

310 1872 389 1937 ferri
412 1873 531 1955 nequit.
579 1875 689 1955 Neque
720 1876 816 1941 lectio
849 1877 1017 1959 „incubet“
1052 1878 1105 1960 (cf.
1137 1879 1237 1960 Verg.
1263 1880 1342 1943 Aen.
1375 1878 1459 1940 189
1495 1886 1594 1960 ponto

308 1981 372 2027 nox
395 1962 528 2028 incubat
551 1966 637 2043 atra)
663 1972 741 2045 apta
776 1970 836 2030 est.
885 1967 987 2031 Poeta
1021 1967 1105 2032 enirn
1141 1968 1220 2030 nibil
1255 1969 1343 2034 aliud
1379 1967 1458 2032 dicit
1493 1986 1591 2047 quarn

308 2050 453 2118 homines
484 2054 635 2134 gaudere,
666 2055 748 2136 quod
781 2074 836 2134 pro
867 2061 955 2120 certo
991 2055 1097 2121 dicere
1122 2057 1256 2136 possint,
1283 2075 1345 2137 qua
1369 2062 1463 2121 nocte
1488 2056 1589 2122 Orion

309 2157 435 2220 utraque
460 2140 564 2207 Sirius
589 2142 735 2208 incaelo
760 2145 892 2208 oriatur.
940 2147 1053 2224 Itaque
1077 2145 1129 2208 bic
1151 2164 1265 2210 versus
1290 2145 1511 2210 restituendus
1542 2144 1593 2210 ita

308 2228 454 2296 videtur:

416 2338 501 2419 Qua
525 2343 646 2402 nocte
671 2337 813 2419 Orion,
838 2356 914 2419 qua
939 2338 1076 2405 Sirius
1101 2342 1280 2405 excubet
1303 2341 1435 2406 index.

416 2444 465 2508 De
490 2443 574 2508 Sirio
598 2444 703 2509 indice
732 2445 917 2511 conferatur
947 2465 1030 2512 nunc
1061 2447 1186 2527 quidem
1217 2448 1382 2511 lucutenta
1412 2447 1588 2512 Sudhausii

309 2531 478 2597 adnotatio
502 2533 522 2596 l.
547 2533 568 2598 l.
593 2553 622 2614 p.
651 2535 723 2598 136.

884 2661 912 2706 v.
938 2642 1011 2724 260.

414 2745 638 2826 Quaeritur
663 2746 832 2827 argenti
856 2766 1015 2830 semen,
1040 2766 1145 2813 utino
1168 2766 1296 2812 aurea
1320 2767 1435 2813 vena.

416 2835 507 2899 Haec
531 2839 583 2898 eet
605 2833 703 2899 lectio
720 2835 909 2915 optimorum
927 2837 1015 2901 codd.
1034 2836 1251 2901 Baehrensins
1277 2857 1333 2917 pro
1358 2837 1478 2902 tradito
1495 2857 1592 2903 voca·

308 2923 382 2988 bulo
411 2922 530 3002 „nuno“
558 2924 695 2989 coniecit
722 2925 905 3005 „euinque“.
953 2930 999 2990 At
1022 2926 1083 2991 bac
1116 2925 1291 2991 mutatione
1323 2946 1384 2990 nou
1415 2946 1494 3007 opus
1526 2936 1588 2992 est.

210 3021 214 3029 “
308 3011 438 3076 Etenim
462 3013 622 3091 hocloco,
648 3019 684 3078 ut
707 3013 836 3094 saepius
861 3016 945 3094 apud
969 3020 1083 3095 poetas
1106 3015 1152 3096 fit,
1186 3015 1219 3079 in
1244 3015 1349 3096 priore
1373 3025 1467 3096 parte
1490 3035 1590 3080 enun-

308 3101 384 3165 tiati
412 3105 531 3179 „uunc“
559 3103 787 3169 correlativunr
811 3104 962 3168 omissuro
993 3116 1054 3169 est.
1103 3105 1193 3186 Quae
1224 3105 1349 3169 dicendi
1373 3105 1458 3170 ratio
1490 3105 1589 3170 etiam

307 3189 474 3255 invenitur
497 3190 530 3255 in
543 3190 644 3271 Verg.
672 3192 749 3256 Aen.
768 3191 799 3254 V
823 3192 889 3257 830
906 3211 965 3274 squ
990 3212 1053 3258 una
1070 3213 1179 3258 ornnes
1196 3193 1303 3258 fecere
1320 3193 1431 3274 pedem
1450 3193 1589 3273 pariter·

306 3297 368 3360 qne
399 3278 561 3362 sinistros,
593 3299 677 3344 nunc
709 3281 841 3345 dextros
873 3282 999 3346 solvere
1031 3283 1145 3346 sinna
1185 3284 1286 3364 Quam
1323 3284 1361 3347 ob
1394 3301 1460 3346 reru
1492 3282 1589 3348 lectio

307 3368 398 3432 codd.
427 3369 668 3450 „quaeritur
699 3369 869 3450 argenti
901 3388 1052 3452 semen,
1083 3390 1187 3435 nunc
1210 3390 1337 3435 aurea
1363 3374 1483 3436 veua“
1511 3373 1590 3436 reti-

306 3457 412 3521 nenda
436 3463 497 3521 est.
544 3459 646 3523 Recte
676 3457 876 3523 Sudbausius
907 3458 1076 3524 lectionem
1112 3459 1251 3542 recepit,
1284 3460 1365 3525 nihil
1393 3465 1499 3525 autem
1532 3461 1588 3526 ad·

307 3544 446 3612 notavit.

851 3656 881 3701 v.
906 3636 971 3702 476
995 3656 1042 3718 sq.

415 3724 508 3787 Tum
542 3724 577 3789 si
608 3724 698 3806 quie
729 3725 910 3807 lapidum
941 3745 1087 3792 summo
1118 3726 1339 3808 pertabuit
1369 3726 1475 3808 igni,
1513 3727 1588 3791 As-

306 3811 448 3892 perior
473 3813 612 3895 sopita
636 3832 678 3878 es
703 3819 742 3879 et
765 3817 961 3894 quaedam
985 3815 1157 3881 sordida
1180 3815 1272 3880 faex
1295 3820 1369 3881 est.

413 3919 477 3984 Pro
504 3923 576 4002 ⁷‚es“
605 3939 635 3987 v.
660 3919 725 3984 477
750 3923 838 3987 codd.
865 3923 907 3986 H.
932 3940 972 3985 m.
998 3922 1018 3984 2
1043 3927 1077 3986 et
1100 3922 1278 3987 deteriores
1305 3922 1395 4005 „est“
1422 3920 1587 4003 exhibent3

307 4023 364 4087 pro
390 4006 505 4090 „facid‘
531 4009 598 4073 cod.
625 4009 656 4073 H
683 4009 790 4092 „iax“‚
814 4011 904 4075 codd.
922 4010 1100 4076 deteriores
1120 4010 1209 4093 „fas“
1237 4015 1401 4092 praebent.
1450 4011 1587 4076 Tradita

306 4097 408 4161 verba
434 4097 561 4180 „sopita
584 4099 638 4162 est
666 4107 849 4180 corrupt-aur
874 4106 1012 4181 apparet
1034 4099 1203 4164 lectionem
1221 4117 1302 4164 esse.
1351 4098 1421 4164 Iam
1439 4099 1588 4181 Scaliger

309 4185 481 4266 „scabres“
508 4187 645 4252 coniecit
668 4207 736 4252 cum
763 4188 1000 4254 Wernsdorfius
1028 4187 1178 4270 „robigo“
1204 4188 1270 4270 legi
1286 4189 1394 4255 vellet.
1442 4189 1488 4253 At
1503 4208 1586 4253 conr-

308 4273 478 4355 parativus
505 4277 692 4359 „asperior“
719 4283 786 4342 turn
810 4295 872 4340 non
889 4282 965 4359 apte
981 4277 1109 4359 legitur.
1159 4278 1230 4360 Qua
1246 4279 1285 4343 de
1309 4297 1408 4343 cause
1424 4278 1589 4358 Hauptius

311 4381 448 4444 „aspera
484 4365 675 4446 spurcities“
714 4366 884 4446 legendum
913 4365 1077 4449 proponit3
1113 4368 1152 4431 de
1188 4385 1251 4448 qua
1286 4367 1472 4433 coniectura
1503 4367 1587 4432 satis

307 4456 413 4516 aetunr
454 4470 553 4535 supra
588 4475 617 4536 p.
657 4454 709 4519 44.
758 4453 881 4520 Ibidem
915 4464 1021 4520 autern
1058 4455 1134 4537 quid
1173 4456 1204 4520 in
1241 4455 1414 4521 Sudhausii
1448 4456 1588 4522 lectione

307 4539 496 4622 displiceret
541 4544 685 4625 exposui.
748 4543 827 4609 Mihi
865 4544 987 4609 leniore
1025 4545 1203 4610 mutatione
1241 4544 1294 4610 hic
1340 4547 1428 4612 locus
1475 4547 1587 4610 sanari

306 4645 402 4710 posse
446 4630 535 4697 visus
576 4639 637 4698 est.
686 4633 756 4698 Vox
793 4633 978 4717 „asperior“
1016 4633 1126 4718 utique
1169 4635 1339 4701 retinenda
1379 4640 1439 4700 est.
1494 4635 1586 4699 Mun-
