3530 5418
704 341 926 408 -55„„

144 542 262 608 ronis
293 541 510 608 coniecturam
545 541 710 626 „species“
742 540 962 607 Baehrensius
993 546 1027 606 et
1059 541 1196 623 Wagler
1219 539 1254 626 (l.
1285 543 1306 608 l.
1338 559 1368 624 p.
1403 539 1458 622 68)

142 634 401 712 probaverunt.
449 633 494 696 At
518 631 579 696 hac
602 631 657 695 via
681 630 830 712 efficitur,
854 634 891 696 ut
914 631 947 695 in
971 651 1000 696 v.
1018 630 1083 693 477
1101 630 1280 695 subiectum
1304 636 1456 696 mutetur.

148 719 458 802 Interpretandum
483 719 566 785 enim
591 724 694 784 esset:
730 725 796 783 tum
822 719 849 784 si
881 719 954 800 quis
977 719 1119 800 lapidum
1144 738 1265 784 summo
1289 719 1458 801 pertabuit

147 809 250 892 igni,
275 808 420 891 asperior
446 807 593 893 (lapidis)
618 808 719 873 facies
744 808 825 893 (est)
849 814 883 872 et
906 809 1063 889 quaedam
1088 808 1220 874 sordida
1243 808 1318 873 faex
1344 808 1455 890 (lapis)

148 905 232 962 est.
280 899 435 963 Praestat
459 898 599 979 lapidem
623 896 722 962 etiarn
746 896 925 963 subiectum
954 897 995 962 ad
1020 897 1158 978 priorem
1183 903 1308 980 partem
1334 917 1363 962 v.
1389 896 1454 960 477

150 986 296 1051 referri.
344 987 480 1051 Accedit
503 986 586 1066 quod
615 991 689 1067 post
719 988 851 1051 verbum
885 985 1069 1070 „asperior·“
1104 985 1270 1052 ablativus
1301 988 1454 1051 substan-

152 1075 232 1141 tivi
266 1075 452 1156 requiritur.
500 1075 582 1139 Nam
606 1073 781 1140 verisimile
814 1079 867 1139 est
897 1080 1025 1157 poetam
1055 1074 1107 1140 hio
1144 1074 1284 1156 lapidem
1320 1074 1457 1140 flammis

154 1170 319 1229 exustum
343 1183 414 1228 oum
438 1163 505 1228 alia
529 1164 666 1244 quadam
690 1182 726 1227 re
750 1181 868 1244 aspera
894 1181 1090 1244 comparare.
1139 1163 1216 1228 Sine
1241 1164 1336 1228 dubio
1360 1169 1458 1245 poeta

157 1255 320 1318 scabram
344 1272 412 1317 rem
436 1252 545 1335 elegit,
570 1269 653 1334 quae
677 1251 847 1333 unicuique
871 1256 950 1316 nota
965 1256 1063 1316 esset.
1111 1254 1195 1317 Puto
1210 1251 1312 1335 igitur
1329 1258 1457 1334 poetam

161 1359 362 1424 sumpsisse:
471 1407 476 1415 ,

277 1430 482 1512 Asperior
504 1428 646 1512 tophis
671 1436 712 1494 et
735 1430 931 1514 quaedam
955 1429 1127 1496 sordida
1151 1430 1247 1495 faex
1271 1435 1347 1495 est.

278 1520 370 1584 Haeo
393 1519 578 1584 coniectura
602 1525 635 1584 et
651 1539 764 1585 sanam
783 1520 979 1584 sententiam
996 1520 1132 1601 praebet
1156 1528 1189 1584 et
1205 1518 1373 1584 lenissima
1390 1524 1451 1584 est.

158 1607 303 1672 Etenim
325 1608 354 1672 si
378 1607 524 1690 singulas
548 1607 677 1673 litteras
702 1609 817 1674 traditi
840 1607 990 1674 vocabuli
1016 1607 1174 1691 „sopitat
1199 1626 1282 1691 quoe
1305 1608 1392 1672 inter
1417 1626 1452 1672 se

160 1701 374 1777 permutatae
399 1702 483 1773 sunt,
516 1696 548 1760 in
573 1697 671 1762 alium
694 1697 838 1762 ordinem
861 1697 1054 1780 redigemus,
1080 1703 1206 1761 mutata
1230 1697 1344 1762 littera
1368 1699 1396 1761 A
1421 1696 1454 1762 in

166 1785 371 1850 simillimam
395 1786 436 1866 H,
467 1804 528 1850 vox
564 1786 710 1868 „tophis“
744 1787 916 1850 exorietur.
965 1785 1020 1851 Sic
1041 1786 1139 1850 etiam
1164 1785 1321 1867 explicari
1337 1791 1455 1869 potest,

168 1875 258 1938 unde
284 1873 399 1939 vocula
425 1873 499 1957 „es“
534 1873 650 1939 code
682 1874 858 1939 exstiterit.
905 1874 1068 1939 Pluralem
1099 1893 1263 1939 numerum
1288 1879 1456 1956 poetarum

165 1981 258 2026 more
276 1961 328 2027 hic
345 1980 401 2044 pro
419 1962 579 2042 singulari
595 1968 786 2044 usurpatum
802 1962 992 2028 invenimus.
1041 1964 1185 2044 tophum
1210 1981 1359 2046 asperam
1389 1982 1456 2027 rem

171 2051 274 2116 etiam
299 2050 467 2132 Vergilius
492 2057 526 2116 et
550 2050 685 2116 Ovidius
709 2057 972 2117 commemorant:
1009 2051 1049 2116 oi.
1068 2052 1168 2133 Verg.
1195 2051 1313 2133 Georg.
1331 2050 1367 2113 Π
1391 2051 1458 2114 214

171 2143 208 2203 et
240 2140 358 2220 tophus
391 2141 507 2205 scaber
537 2147 571 2205 et
600 2139 705 2222 nigris
741 2160 840 2206 exesa
875 2140 1039 2222 chelydris
1070 2147 1162 2206 oreta
1192 2146 1330 2222 negant3
1362 2140 1455 2208 Ovid.

169 2227 304 2292 Heroid.
332 2228 396 2292 XV
423 2228 484 2290 141
510 2235 607 2294 antra
631 2233 746 2295 scabro
770 2229 946 2313 pendentia
969 2230 1076 2311 topho.
