3530 5418
336 1440 338 1445 ’
406 1403 704 1514 Ᾱ115151Α511155
734 1447 886 1512 carminis
918 1449 959 1513 ad
983 1467 1097 1513 versus
1120 1448 1287 1530 tingendos
1311 1448 1435 1513 duabus
1460 1448 1590 1528 potissi-

310 1565 393 1610 mum
417 1544 598 1612 hexametri
614 1544 725 1610 formis
742 1564 819 1612 usus
835 1552 895 1616 est.
944 1545 1032 1626 Quas
1055 1545 1175 1610 formas
1193 1545 1341 1611 vocitaho
1366 1546 1418 1611 Fi
1443 1553 1476 1610 et
1493 1545 1590 1628 Fili,

311 1654 448 1717 sequens
483 1635 684 1703 Theodorum
720 1634 874 1718 Birtium,
918 1633 972 1715 qni
1012 1634 1046 1698 iu
1089 1654 1147 1699 sua
1190 1636 1228 1699 de
1263 1635 1452 1701 hexametro
1487 1636 1590 1699 latino

310 1723 579 1790 commentatione
610 1723 754 1804 singulos
790 1723 987 1789 diversorum
1024 1732 1190 1804 poetarum
1226 1724 1432 1789 hexametros
1467 1723 1499 1788 iu
1532 1743 1590 1788 sex

310 1813 430 1880 formas
447 1813 569 1883 divisit
605 1811 645 1877 ct.
672 1813 721 1880 Ad
744 1812 914 1878 historiam
930 1813 1111 1878 hexametri
1130 1813 1240 1877 Latini
1258 1812 1420 1894 Symbola.
1457 1813 1591 1878 Bonnae

314 1908 408 1970 1676.
449 1923 477 1996 p.
498 1909 515 1967 7
534 1921 601 1984 sqq.
641 1902 763 1966 Harum
781 1901 953 1966 formarum
971 1902 1059 1983 prior
1075 1921 1114 1967 ea
1138 1909 1198 1985 est,
1223 1902 1256 1967 in
1281 1921 1343 1984 qua
1360 1901 1591 1982 semiquinaria

312 1991 448 2072 primum
471 1991 573 2059 locum
598 1995 698 2074 tenet,
723 1992 764 2056 ad
789 2009 881 2071 quam
899 1991 1150 2056 trithemimeres
1176 1999 1210 2056 et
1225 1991 1517 2072 hephthemimeres
1534 1998 1592 2056 aut

311 2081 469 2158 accedunt
498 2085 556 2148 aut
585 2098 647 2144 nou
680 2081 845 2145 accedunt.
894 2079 1044 2144 Formam
1070 2080 1200 2146 tertiam
1226 2085 1332 2145 autem
1358 2099 1426 2144 eam
1453 2080 1533 2160 dico,
1557 2079 1590 2144 iu

311 2187 374 2254 qua
408 2169 494 2243 inter
528 2167 784 2240 trithemimeren
821 2173 855 2233 et
886 2169 1182 2249 hephthemimeren
1218 2170 1316 2234 etiam
1352 2176 1425 2250 post
1457 2168 1591 2234 tertium

307 2258 499 2323 trochaeum
523 2256 738 2322 interciditur.
787 2256 928 2321 Etiamsi
953 2257 1096 2338 plerique
1121 2258 1260 2324 Aetnaei
1291 2257 1445 2324 carminis
1475 2277 1590 2322 versus

313 2346 347 2416 in
371 2345 493 2412 formas
516 2347 532 2411 Ι
557 2350 592 2412 et
613 2346 666 2413 ΙΙΙ
689 2345 815 2413 redacti
839 2351 923 2428 suut,
956 2352 1064 2412 tamen
1088 2353 1185 2427 poeta
1209 2349 1249 2412 ad
1274 2348 1452 2436 complures
1476 2365 1591 2412 versus

311 2436 545 2509 construendos
576 2434 659 2500 alias
690 2434 810 2500 formas
842 2439 1021 2516 usurpavit.
1070 2436 1143 2502 Hae
1175 2442 1251 2502 sunt
1274 2437 1359 2514 FII,
1384 2437 1417 2500 in
1442 2455 1504 2517 qua
1528 2455 1591 2499 non

311 2524 376 2590 uisi
414 2523 666 2590 trithemimeres
705 2529 740 2589 et
777 2524 1070 2606 hephthemimeres
1109 2525 1286 2607 reperitur,
1327 2526 1427 2601 FIV‚
1460 2525 1491 2589 iu
1528 2543 1592 2604 qua

312 2611 481 2680 intercisio
505 2619 579 2694 post
603 2612 734 2677 tertium
759 2614 944 2678 trochaeum
969 2620 1003 2678 et
1018 2614 1310 2694 hephthemimeres
1328 2616 1431 2680 adest.
1479 2613 1591 2678 Etiam

311 2702 378 2767 FV
401 2701 575 2785 invenitur,
599 2701 633 2765 iu
657 2719 719 2784 qua
742 2699 820 2765 item
852 2706 925 2782 post
948 2702 1078 2766 tertium
1110 2703 1295 2768 trochaeum
1328 2703 1515 2768 intercisum
1539 2708 1593 2766 est

313 2792 527 2858 antecedente
550 2789 794 2856 trithemimere.
841 2791 931 2856 FVI
954 2790 1079 2855 Birtius
1104 2809 1174 2855 eam
1199 2791 1287 2872 dicit,
1313 2790 1346 2856 iu
1370 2811 1432 2874 qua
1449 2796 1591 2857 tautum-

311 2881 402 2948 modo
427 2886 501 2963 post
524 2879 656 2945 tertium
681 2880 866 2944 trochaeum
891 2879 1079 2945 intercisum
1103 2885 1163 2944 est.
1211 2880 1303 2945 Haec
1335 2899 1457 2961 quoque
1487 2879 1591 2945 forma

310 2968 344 3033 iu
368 2970 495 3034 Aetnae
530 2968 672 3034 carmine
706 2974 870 3050 exstaret,
902 2969 930 3034 si
954 2989 984 3034 v.
1011 2975 1050 3034 53
1083 2969 1179 3034 lectio
1217 2970 1468 3052 „admotisqne“‚
1497 2988 1591 3050 quam

313 3057 514 3124 Sudhausius
530 3057 563 3123 in
580 3062 766 3123 contextum
784 3061 910 3125 Aetnae
926 3059 1059 3138 recepit,
1076 3058 1248 3124 retinenda
1271 3065 1368 3124 esset.
1409 3062 1454 3124 At
1470 3057 1592 3123 rectius

311 3145 442 3218 videtur
465 3146 628 3227 Hauptius
659 3146 835 3213 coniecisse
863 3147 1021 3226 „admotis
1046 3149 1086 3212 ad
1111 3148 1247 3213 territa“
1283 3168 1339 3227 pru
1371 3147 1592 3230 „admotisque

312 3235 441 3301 tertia.“
492 3234 574 3300 Vide
604 3234 699 3300 infra.
748 3236 819 3317 Qua
849 3254 885 3300 re
909 3237 1006 3300 etiam
1032 3236 1176 3300 Kaihelii
1199 3235 1384 3300 coniectura
1412 3237 1588 3317 „rhyacas“

312 3323 476 3392 reicienda
498 3330 559 3406 est,
590 3343 682 3407 quam
708 3323 857 3408 proponit
886 3325 926 3389 ad
956 3344 986 3388 v.
1019 3329 1099 3404 5333
1131 3343 1223 3404 quem
1252 3324 1299 3389 sic
1330 3325 1395 3406 legi
1419 3326 1504 3390 vult:
1529 3324 1591 3388 Im-

312 3431 447 3500 posuere
470 3412 611 3494 rhyacas
635 3411 762 3494 etipsa
786 3412 914 3478 nomine
938 3412 1080 3494 signant.
1127 3413 1195 3477 Iam
1221 3419 1353 3480 transeo
1380 3415 1421 3478 ad
1446 3414 1591 3496 singulas

269 3513 277 3529 ·
313 3501 434 3568 formas
458 3500 699 3583 disceptandas,

916 3679 987 3744 FI.

420 3785 525 3858 Huius
548 3784 671 3854 formae
694 3803 809 3852 versus
832 3785 985 3866 leguntur
1002 3791 1063 3850 531
1089 3787 1122 3852 in
1148 3790 1273 3853 Aetnae
1290 3789 1441 3853 carmine.
1483 3789 1591 3867 Neque

313 3879 423 3940 tamen
454 3875 487 3939 hi
518 3894 628 3940 omues
659 3893 752 3940 uuum
786 3874 819 3939 in
850 3877 974 3939 modum
1006 3874 1153 3941 intercisi
1184 3883 1267 3942 suut.
1315 3876 1488 3941 Dividendi
1518 3882 1593 3940 sunt

313 3963 346 4035 in
377 3969 530 4044 quattuor
558 3982 688 4046 genera.
739 3963 772 4049 1)
799 3967 861 4029 168
892 3983 1006 4031 versus
1031 3970 1162 4045 praeter
1192 3965 1465 4046 penthemimeren
1493 3964 1592 4029 etiam

313 4051 570 4118 trithemimeren
601 4058 635 4118 et
665 4053 963 4135 hephthemimeren
993 4052 1157 4118 exhibent.
1213 4054 1247 4139 2)
1280 4059 1339 4118 167
1371 4072 1484 4119 versus
1520 4059 1591 4118 tau-

314 4143 474 4210 tummodo
503 4141 778 4223 penthemimeren
810 4147 844 4207 et
873 4142 1169 4222 hephthemimeren
1201 4142 1367 4223 praebent.
1421 4142 1455 4226 3)
1487 4143 1525 4208 Iu
1550 4148 1592 4206 88

314 4248 366 4297 vv.
391 4230 643 4296 trithemimeres
659 4236 693 4295 et
710 4231 979 4312 penthemimeres
1003 4249 1158 4296 caesurae
1179 4237 1277 4298 sunt·
1311 4230 1346 4316 4)
1371 4232 1408 4297 In
1436 4238 1497 4298 168
1522 4251 1591 4298 ver-

315 4319 405 4393 sibus
430 4319 500 4388 5515
523 4319 793 4404 penthemimeres
817 4321 920 4386 adest.

421 4427 481 4492 Ad.
502 4432 529 4491 1.
554 4425 660 4492 Huius
676 4426 761 4493 modi
776 4445 890 4493 vorsus
904 4432 980 4492 suut
995 4427 1046 4492 hi:
1070 4447 1099 4493 v.
1116 4427 1591 4512 2(etquaetamsforteslvol-

316 4514 588 4590 vantfincendia
611 4515 754 4600 causae),
783 4520 814 4591 4,
849 4521 898 4599 10,
925 4518 976 4600 13,
1004 4523 1053 4599 15,
1082 4523 1130 4600 16,
1158 4523 1207 4600 17,
1233 4522 1284 4599 25,
1310 4522 1361 4598 27,
1387 4522 1437 4593 19,
1465 4521 1515 4594 31,
1541 4522 1593 4598 36,

316 4608 368 4689 55,
392 4608 444 4690 45,
470 4610 522 4690 55,
548 4607 599 4690 55,
625 4611 677 4690 55,
702 4611 754 4690 57,
779 4611 830 4689 55,
856 4611 907 4690 55,
934 4612 984 4688 75,
1011 4612 1062 4683 75,
1089 4612 1139 4690 75,
1163 4611 1216 4689 55,
1240 4610 1292 4682 55,
1320 4610 1392 4689 155,
1420 4610 1491 4689 155,
1519 4610 1592 4690 117,
